@article{example,
  title     = {An example article entry},
  author    = {First1 Last1 and First2 Last2},
  journal   = {A decent Journal},
  volume    = {X},
  number    = {Y},
  pages     = {pp1--pp2},
  year      = {2056},
  publisher = {Publisher}
}
`