@article{ahsbahs2018applications,
  title={Applications of satellite winds for the offshore wind farm site Anholt},
  author={Ahsbahs, Tobias Torben and Badger, Merete and Volker, Patrick and Hansen, Kurt Schaldemose and Hasager, Charlotte Bay},
  journal={Wind Energy Science},
  volume={3},
  number={2},
  pages={573--588},
  year={2018},
  publisher={Copernicus GmbH}
}

@article{aitken2014,
  title={Quantifying wind turbine wake characteristics from scanning remote sensor data},
  author={Aitken, Matthew L and Banta, Robert M and Pichugina, Yelena L and Lundquist, Julie K},
  journal={Journal of Atmospheric and Oceanic Technology},
  volume={31},
  number={4},
  pages={765--787},
  year={2014}
}

@article{aitken2014utility, 
        title={Utility-scale wind turbine wake characterization using nacelle-based long-range scanning lidar}, 
        author={Aitken, Matthew L and Lundquist, Julie K}, 
        journal={Journal of Atmospheric and Oceanic Technology}, 
        volume={31}, 
        number={7}, 
        pages={1529--1539}, 
        year={2014} 
        }

@article{aitken2014quantifying,
  title={Quantifying wind turbine wake characteristics from scanning remote sensor data},
  author={Aitken, Matthew L and Banta, Robert M and Pichugina, Yelena L and Lundquist, Julie K},
  journal={Journal of Atmospheric and Oceanic Technology},
  volume={31},
  number={4},
  pages={765--787},
  year={2014}
}

@misc{argrow2017ncar,
  title={The NCAR/EOL Community Workshop On Unmanned Aircraft Systems For Atmospheric Research},
  author={V{\"o}mel, H. and Argrow, B. and Axisa, D. and Chlson, P. and Ellis, S. and Fladeland, M. and Frew, E. and Jacob, J. and Lord, M. and Moore, J. and Oncley, S. and Roberts, G. and Schoenung, S. and Wolff, C.},
  year={2018},
  doi = {10.5065/D6X9292S},
  institution = {UCAR/NCAR Earth Observing Laboratory}
}


@article{aubrun2013wind,
  title={Wind turbine wake properties: Comparison between a non-rotating simplified wind turbine model and a rotating model},
  author={Aubrun, Sandrine and Loyer, St{\'e}phane and Hancock, PE and Hayden, Paul},
  journal={Journal of Wind Engineering and Industrial Aerodynamics},
  volume={120},
  pages={1--8},
  year={2013},
  publisher={Elsevier}
}

@article{banta2015,
author = {Banta, Robert M. and Pichugina, Yelena L. and Brewer, W. Alan and Lundquist, Julie K. and Kelley, Neil D. and Sandberg, Scott P. and Alvarez II, Raul J. and Hardesty, R. Michael and Weickmann, Ann M.},
title = {3D Volumetric Analysis of Wind Turbine Wake Properties in the Atmosphere Using High-Resolution Doppler Lidar},
journal = {Journal of Atmospheric and Oceanic Technology},
volume = {32},
number = {5},
pages = {904-914},
year = {2015},
doi = {10.1175/JTECH-D-14-00078.1},

}

@article{barthelmie2006comparison,
  title={Comparison of wake model simulations with offshore wind turbine wake profiles measured by sodar},
  author={Barthelmie, R Jꎬ and Larsen, GC and Frandsen, ST and Folkerts, L and Rados, K and Pryor, SC and Lange, B and Schepers, G},
  journal={Journal of atmospheric and oceanic technology},
  volume={23},
  number={7},
  pages={888--901},
  year={2006}
}

@article{barthelmie2009modelling,
  title={Modelling and measuring flow and wind turbine wakes in large wind farms offshore},
  author={Barthelmie, Rebecca Jane and Hansen, Kurt Schaldemose and Frandsen, Sten Tron{\ae}s and Rathmann, Ole and Schepers, JG and Schlez, W and Phillips, J and Rados, K and Zervos, A and Politis, ES and others},
  journal={Wind Energy},
  volume={12},
  number={5},
  pages={431--444},
  year={2009},
  publisher={JohnWiley \& Sons Ltd.}
}

@article{barthelmie2010quantifying,
  title={Quantifying the impact of wind turbine wakes on power output at offshore wind farms},
  author={Barthelmie, Rebecca Jane and Pryor, S Cꎬ and Frandsen, Sten Tron{\ae}s and Hansen, Kurt Schaldemose and Schepers, JG and Rados, K and Schlez, W and Neubert, A and Jensen, LE and Neckelmann, S},
  journal={Journal of Atmospheric and Oceanic Technology},
  volume={27},
  number={8},
  pages={1302--1317},
  year={2010}
}

@techreport{barthelmie2011flow,
    title = {Flow and wakes in large wind farms: Final report for UpWind WP8},
    author ={Barthelmie, Rebecca Jane and Frandsen, Sten Tron{\ae}s and Ole Rathmann and Hansen, Kurt Schaldemose and E. Politis and J. Prospathopoulos and J.G. Schepers and K. Rados and D. Cabezon and W. Schlez and A. Neubert and M. Heath},
    number={Ris{\o}-R-1765(EN)},
    year = {2011},
    isbn = {978-87-550-3878-3},
    institution = {Danmarks Tekniske Universitet, Ris{\o} Nationallaboratoriet for B{\ae}redygtig Energi}
}

@inproceedings{barthelmie2018wind,
  title={Wind turbine wake characterization in complex terrain via integrated Doppler lidar data from the Perdig{\~a}o experiment},
  author={Barthelmie, RJ and Pryor, SC and Wildmann, N and Menke, Robert},
  booktitle={Journal of Physics: Conference Series},
  volume={1037},
  number={5},
  pages={052022},
  year={2018},
  organization={IOP Publishing}
}

@article{bianco2017assessing,
  title={Assessing the accuracy of microwave radiometers and radio acoustic sounding systems for wind energy applications},
  author={Bianco, Laura and Friedrich, Katja and Wilczak, James M and Hazen, Duane and Wolfe, Daniel and Delgado, Ruben and Oncley, Steven P and Lundquist, Julie K},
  journal={Atmospheric Measurement Techniques},
  volume={10},
  number={5},
  pages={1707},
  year={2017}
}

@article{bingol2010light,
  title={Light detection and ranging measurements of wake dynamics part I: one-dimensional scanning},
  author={Bing{\"o}l, Ferhat and Mann, Jakob and Larsen, Gunner C},
  journal={Wind Energy},
  volume={13},
  number={1},
  pages={51--61},
  year={2010},
  publisher={Wiley Online Library}
}

@book{board2018future,
  title={The Future of Atmospheric Boundary Layer Observing, Understanding, and Modeling: Proceedings of a Workshop},
  author={Board, Ocean Studies and National Academies of Sciences, Engineering, and Medicine and others},
  year={2018},
  publisher={National Academies Press}
}

@article{bodini2017three,
  title={Three-dimensional structure of wind turbine wakes as measured by scanning lidar},
  author={Bodini, Nicola and Zardi, Dino and Lundquist, Julie K},
  journal={Atmospheric Measurement Techniques},
  volume={10},
  number={8},
  year={2017}
}

@article{brock1995oklahoma,
  title={The Oklahoma Mesonet: a technical overview},
  author={Brock, Fred V and Crawford, Kenneth C and Elliott, Ronald L and Cuperus, Gerrit W and Stadler, Steven J and Johnson, Howard L and Eilts, Michael D},
  journal={Journal of Atmospheric and Oceanic Technology},
  volume={12},
  number={1},
  pages={5--19},
  year={1995}
}

@article{bromm2018yaw,
author = {Bromm, Marc and Rott, Andreas and Beck, Hauke and Vollmer, Lukas and Steinfeld, Gerald and Kühn, Martin},
title = {Field investigation on the influence of yaw misalignment on the propagation of wind turbine wakes},
journal = {Wind Energy},
volume = {21},
number = {11},
pages = {1011-1028},
doi = {10.1002/we.2210},
year = {2018}
}

@article{cal2010experimental,
  title={Experimental study of the horizontally averaged flow structure in a model wind-turbine array boundary layer},
  author={Cal, Ra{\'u}l Bayo{\'a}n and Lebr{\'o}n, Jos{\'e} and Castillo, Luciano and Kang, Hyung Suk and Meneveau, Charles},
  journal={Journal of Renewable and Sustainable Energy},
  volume={2},
  number={1},
  pages={013106},
  year={2010},
  publisher={AIP}
}

@article{chamorro2010effects,
  title={Effects of thermal stability and incoming boundary-layer flow characteristics on wind-turbine wakes: a wind-tunnel study},
  author={Chamorro, Leonardo P and Port{\'e}-Agel, Fernando},
  journal={Boundary-layer meteorology},
  volume={136},
  number={3},
  pages={515--533},
  year={2010},
  publisher={Springer}
}

@Article{choukulkar2017,
AUTHOR = {Choukulkar, A. and Brewer, W. A. and Sandberg, S. P. and Weickmann, A. and Bonin, T. A. and Hardesty, R. M. and Lundquist, J. K. and Delgado, R. and Iungo, G. V. and Ashton, R. and Debnath, M. and Bianco, L. and Wilczak, J. M. and Oncley, S. and Wolfe, D.},
TITLE = {Evaluation of single and multiple Doppler lidar techniques to measure complex flow during the XPIA field campaign},
JOURNAL = {Atmospheric Measurement Techniques},
VOLUME = {10},
YEAR = {2017},
NUMBER = {1},
PAGES = {247--264},
URL = {https://www.atmos-meas-tech.net/10/247/2017/},
DOI = {10.5194/amt-10-247-2017}
}

@article{christiansen2005wake,
  title={Wake effects of large offshore wind farms identified from satellite SAR},
  author={Christiansen, Merete Bruun and Hasager, Charlotte B},
  journal={Remote Sensing of Environment},
  volume={98},
  number={2-3},
  pages={251--268},
  year={2005},
  publisher={Elsevier}
}

@techreport{cleijnesingle1993,
  title={Results of Sexbierum Wind Farm; Single Wake Measurements},
  author={Cleijne,JW},
  year={1993},
  institution={TNO (Netherlands)},
  number = {TNO Report 93-082}
}

@techreport{cleijnedouble1992,
  title={Results of Sexbierum Wind Farm; Double Measurements},
  author={Cleijne,JW},
  year={1992},
  institution={TNO (Netherlands)},
  number = {TNO Report 92-388}
}

@techreport{clifton2016wind,
  title={Wind plant preconstruction energy estimates. current practice and opportunities},
  author={Clifton, Andrew and Smith, Aaron and Fields, Michael},
  number={NREL/TP-5000-64735},
  year={2016},
  institution={National Renewable Energy Lab. (NREL), Golden, CO (United States)}
}

@inproceedings{cline2017meteorology,
  title={Meteorology Research in DOE's Atmosphere to Electrons (A2e) Program},
  author={Cline, J and Haupt, SE and Shaw, WJ},
  booktitle={AGU Fall Meeting Abstracts},
  year={2017}
}

@Article{Debnath2017,
AUTHOR = {Debnath, M. and Iungo, G. V. and Ashton, R. and Brewer, W. A. and Choukulkar, A. and Delgado, R. and Lundquist, J. K. and Shaw, W. J. and Wilczak, J. M. and Wolfe, D.},
TITLE = {Vertical profiles of the 3-D wind velocity retrieved from multiple wind lidars performing triple range-height-indicator scans},
JOURNAL = {Atmospheric Measurement Techniques},
VOLUME = {10},
YEAR = {2017},
NUMBER = {2},
PAGES = {431--444},
DOI = {10.5194/amt-10-431-2017}
}

@inproceedings{doubrawa2019benchmarks,
  title={Benchmarks for model validation based on lidar wake measurements},
  author={Doubrawa, P. and Debnath, M. and Moriarty, Patrick J and Branlard, Emmanuel and Herges, T.G. and Maniaci, D.C. and Naughton, B.},
  booktitle={Journal of Physics: Conference Series},
  volume={1256},
  number={1},
  pages={012024},
  year={2019},
  organization={IOP Publishing}
}

@inproceedings{emeis2016exploring,
  title={Exploring the wakes of large offshore wind farms},
  author={Emeis, S. and Siedersleben, S. and Lampert, A. and Platis, A. and Bange, J. and Djath, B. and Schulz-Stellenfleth, J. and Neumann, T.},
  booktitle={Journal of Physics: Conference Series},
  volume={753},
  number={9},
  pages={092014},
  year={2016},
  organization={IOP Publishing}
}

@article{fernando2019perdigao,
  title={The Perdigao: Peering into microscale details of mountain winds},
  author={Fernando, HJS and Mann, Jakob and Palma, JMLM and Lundquist, JK and Barthelmie, Rebecca Jane and Belo-Pereira, M and Brown, WOJ and Chow, FK and Gerz, T and Hocut, CM and others},
  journal={Bulletin of the American Meteorological Society},
  volume={100},
  number={5},
  pages={799--819},
  year={2019}
}

@article{fleming2019initial,
  title={Initial results from a field campaign of wake steering applied at a commercial wind farm--Part 1},
  author={Fleming, Paul and King, Jennifer and Dykes, Katherine and Simley, Eric and Roadman, Jason and Scholbrock, Andrew and Murphy, Patrick and Lundquist, Julie K and Moriarty, Patrick and Fleming, Katherine and others},
  journal={Wind Energy Science},
  volume={4},
  number={2},
  pages={273--285},
  year={2019},
  publisher={Copernicus GmbH}
}

@Article{fleming2020continued,
AUTHOR = {Fleming, P. and King, J. and Simley, E. and Roadman, J. and Scholbrock, A. and Murphy, P. and Lundquist, J. K. and Moriarty, P. and Fleming, K. and van Dam, J. and Bay, C. and Mudafort, R. and Jager, D. and Skopek, J. and Scott, M. and Ryan, B. and Guernsey, C. and Brake, D.},
TITLE = {Continued Results from a Field Campaign of Wake Steering
Applied at a Commercial Wind Farm: Part 2},
JOURNAL = {Wind Energy Science Discussions},
VOLUME = {2020},
YEAR = {2020},
PAGES = {1--24},
URL = {https://www.wind-energ-sci-discuss.net/wes-2019-104/},
DOI = {10.5194/wes-2019-104}
}

@article{geerts2018recommendations,
  title={Recommendations for in situ and remote sensing capabilities in atmospheric convection and turbulence},
  author={Geerts, Bart and Raymond, David J and Grubi{\v{s}}i{\'c}, Vanda and Davis, Christopher A and Barth, Mary C and Detwiler, Andrew and Klein, Petra M and Lee, Wen-Chau and Markowski, Paul M and Mullendore, Gretchen L and others},
  journal={Bulletin of the American Meteorological Society},
  volume={99},
  number={12},
  pages={2463--2470},
  year={2018}
}

@Article{gomez2020effect,
AUTHOR = {Sanchez Gomez, M. and Lundquist, J. K.},
TITLE = {The effect of wind direction shear on turbine performance in a wind farm in central Iowa},
JOURNAL = {Wind Energy Science},
VOLUME = {5},
YEAR = {2020},
NUMBER = {1},
PAGES = {125--139},
DOI = {10.5194/wes-5-125-2020}
}


@article{hamilton2015anisotropy,
  title={Anisotropy of the Reynolds stress tensor in the wakes of wind turbine arrays in Cartesian arrangements with counter-rotating rotors},
  author={Hamilton, Nicholas and Cal, Ra{\'u}l Bayo{\'a}n},
  journal={Physics of Fluids},
  volume={27},
  number={1},
  pages={015102},
  year={2015},
  publisher={AIP Publishing}
}

@techreport{hammond2015a2e,
  title={A2e High Fidelity Modeling: Strategic Planning Meetings},
  author={Hammond, Steven W and Sprague, Michael A and Womble, David and Barone, Matt},
  number={NREL/TP-2C00-64697},
  year={2015},
  institution={National Renewable Energy Lab. (NREL), Golden, CO (United States)}
}

@article{hansen2012impact,
  title={The impact of turbulence intensity and atmospheric stability on power deficits due to wind turbine wakes at Horns Rev wind farm},
  author={Hansen, Kurt S and Barthelmie, Rebecca J and Jensen, Leo E and Sommer, Anders},
  journal={Wind Energy},
  volume={15},
  number={1},
  pages={183--196},
  year={2012},
  publisher={Wiley Online Library}
}

@Article{hasager2019europe,
AUTHOR = {Hasager, C. B. and Hahmann, A. N. and Ahsbahs, T. and Karagali, I. and Sile, T. and Badger, M. and Mann, J.},
TITLE = {Europe's offshore winds assessed from SAR, ASCAT and WRF},
JOURNAL = {Wind Energy Science Discussions},
VOLUME = {2019},
YEAR = {2019},
PAGES = {1--27},
DOI = {10.5194/wes-2019-38}
}

@inproceedings{herges2016field,
  title={Field Demonstration of the Sandia Wake Imaging System Capabilities at the Scaled Wind Farm Technology Facility},
  author={Herges, Thomas G and Bossert, David and Schmitt, Randal and Johnson, Mark and Maniaci, David C and Glen, Crystal and Naughton, Brian},
  booktitle={34th Wind Energy Symposium},
  pages={1524},
  year={2016}
}

@inproceedings{herges2017high,
  title={High resolution wind turbine wake measurements with a scanning lidar},
  author={Herges, TG and Maniaci, David Charles and Naughton, Brian Thomas and Mikkelsen, Torben and Sj{\"o}holm, Mikael},
  booktitle={Journal of Physics: Conference Series},
  volume={854},
  number={1},
  pages={012021},
  year={2017},
  organization={IOP Publishing}
}

@article{hirth2012measuring,
  title={Measuring a utility-scale turbine wake using the TTUKa mobile research radars},
  author={Hirth, Brian D and Schroeder, John L and Gunter, W Scott and Guynes, Jerry G},
  journal={Journal of Atmospheric and Oceanic Technology},
  volume={29},
  number={6},
  pages={765--771},
  year={2012}
}

@article{hirth2015coupling,
  title={Coupling Doppler radar-derived wind maps with operational turbine data to document wind farm complex flows},
  author={Hirth, Brian D and Schroeder, John L and Gunter, W Scott and Guynes, Jerry G},
  journal={Wind Energy},
  volume={18},
  number={3},
  pages={529--540},
  year={2015},
  publisher={Wiley Online Library}
}

@techreport{hills2015v,
  title={V\&V Framework},
  author={Hills, R. G. and Maniaci, D. C. and Naughton, J. W.},
  year={2015},
  number={SAND2015-7455},
  institution={Sandia National Laboratories. Albuquerque, NM (United States)},
}

@article{iungo2013field,
  title={Field measurements of wind turbine wakes with lidars},
  author={Iungo, Giacomo Valerio and Wu, Yu-Ting and Port{\'e}-Agel, Fernando},
  journal={Journal of Atmospheric and Oceanic Technology},
  volume={30},
  number={2},
  pages={274--287},
  year={2013}
}

@article{iungo2014volumetric,
  title={Volumetric lidar scanning of wind turbine wakes under convective and neutral atmospheric stability regimes},
  author={Iungo, Giacomo Valerio and Port{\'e}-Agel, Fernando},
  journal={Journal of Atmospheric and Oceanic Technology},
  volume={31},
  number={10},
  pages={2035--2048},
  year={2014}
}

@article{jagdish2018validation,
  title={Validation of wind speed retrieval from RISAT-1 SAR images of the North Indian Ocean},
  author={Jagdish and Kumar, SVV Arun and Chakraborty, Abhisek and Kumar, Raj},
  journal={Remote Sensing Letters},
  volume={9},
  number={5},
  pages={421--428},
  year={2018},
  publisher={Taylor \& Francis}
}


@article{kasler2010wake,
  title={Wake measurements of a multi-MW wind turbine with coherent long-range pulsed Doppler wind lidar},
  author={K{\"a}sler, Yvonne and Rahm, Stephan and Simmet, Rudolf and K{\"u}hn, Martin},
  journal={Journal of Atmospheric and Oceanic Technology},
  volume={27},
  number={9},
  pages={1529--1532},
  year={2010}
}


@article{klein2015lable,
author = {Klein, P. and Bonin, T. A. and Newman, J. F. and Turner, D. D. and Chilson, P. B. and Wainwright, C. E. and Blumberg, W. G. and Mishra, S. and Carney, M. and Jacobsen, E. P. and Wharton, S. and Newsom, R. K.},
title = {LABLE: A Multi-Institutional, Student-Led, Atmospheric Boundary Layer Experiment},
journal = {Bulletin of the American Meteorological Society},
volume = {96},
number = {10},
pages = {1743-1764},
year = {2015},
doi = {10.1175/BAMS-D-13-00267.1},

}


@article{kocer2011full,
  title={Full-scale wind turbine near-wake measurements using an instrumented uninhabited aerial vehicle},
  author={Kocer, Gulru and Mansour, Michel and Chokani, Ndaona and Abhari, Reza S and M{\"u}ller, Martin},
  journal={Journal of Solar Energy Engineering},
  volume={133},
  number={4},
  year={2011},
  publisher={American Society of Mechanical Engineers Digital Collection}
}

@article{krishnamurthy2017offshore,
  title={Offshore wind turbine wake characteristics using scanning doppler lidar},
  author={Krishnamurthy, Raghavendra and Reuder, Joachim and Svardal, Benny and Fernando, Harindra Joseph S and Jakobsen, Jasna Bogunovic},
  journal={Energy Procedia},
  volume={137},
  pages={428--442},
  year={2017},
  publisher={Elsevier}
}

@article{krogstad2012performance,
  title={Performance and near wake measurements of a model horizontal axis wind turbine},
  author={Krogstad, Per-{\AA}ge and Adaramola, Muyiwa S},
  journal={Wind Energy},
  volume={15},
  number={5},
  pages={743--756},
  year={2012},
  publisher={Wiley Online Library}
}

@article{kumer2016turbulent,
  title={Turbulent kinetic energy estimates from profiling wind LiDAR measurements and their potential for wind energy applications},
  author={Kumer, Valerie-M and Reuder, Joachim and Dorninger, Manfred and Zauner, Rudolf and Grubi{\v{s}}i{\'c}, Vanda},
  journal={Renewable Energy},
  volume={99},
  pages={898--910},
  year={2016},
  publisher={Elsevier}
}

@techreport{lawson2019blade,
  title={Blade-Resolved, Single-Turbine Simulations Under Atmospheric Flow},
  author={Lawson, Michael J and Melvin, Jeremy and Ananthan, Shreyas and Gruchalla, Kenny M and Rood, Jonathan S and Sprague, Michael A},
  number={NREL/TP-5000-72760},
  year={2019},
  institution={National Renewable Energy Lab. (NREL), Golden, CO (United States)}
}

@article{lee2017evaluation,
  title={Evaluation of the wind farm parameterization in the Weather Research and Forecasting model (version 3.8. 1) with meteorological and turbine power data},
  author={Lee, Joseph CY and Lundquist, Julie K},
  journal={Geoscientific Model Development},
  volume={10},
  number={11},
  year={2017}
}

@article{lundquist2015dissipation,
  title={Dissipation of Turbulence in the Wake of a Wind Turbine},
  author={Lundquist, JK and Bariteau, L},
  journal={Boundary-Layer Meteorology},
  volume={154},
  number={2},
  pages={229--241},
  year={2015},
  publisher={Springer}
}

@article{lundquist2017,
author = {Lundquist, Julie K. and Wilczak, James M. and Ashton, Ryan and Bianco, Laura and Brewer, W. Alan and Choukulkar, Aditya and Clifton, Andrew and Debnath, Mithu and Delgado, Ruben and Friedrich, Katja and Gunter, Scott and Hamidi, Armita and Iungo, Giacomo Valerio and Kaushik, Aleya and Kosović, Branko and Langan, Patrick and Lass, Adam and Lavin, Evan and Lee, Joseph C.-Y. and McCaffrey, Katherine L. and Newsom, Rob K. and Noone, David C. and Oncley, Steven P. and Quelet, Paul T. and Sandberg, Scott P. and Schroeder, John L. and Shaw, William J. and Sparling, Lynn and Martin, Clara St. and Pe, Alexandra St. and Strobach, Edward and Tay, Ken and Vanderwende, Brian J. and Weickmann, Ann and Wolfe, Daniel and Worsnop, Rochelle},
title = {Assessing State-of-the-Art Capabilities for Probing the Atmospheric Boundary Layer: The XPIA Field Campaign},
journal = {Bulletin of the American Meteorological Society},
volume = {98},
number = {2},
pages = {289-314},
year = {2017},
doi = {10.1175/BAMS-D-15-00151.1},
}

@article{lundquist2017assessing,
  title={Assessing state-of-the-art capabilities for probing the atmospheric boundary layer: the XPIA field campaign},
  author={Lundquist, Julie K and Wilczak, James M and Ashton, Ryan and Bianco, Laura and Brewer, W Alan and Choukulkar, Aditya and Clifton, Andrew and Debnath, Mithu and Delgado, Ruben and Friedrich, Katja and others},
  journal={Bulletin of the American Meteorological Society},
  volume={98},
  number={2},
  pages={289--314},
  year={2017}
}


@techreport{lundquist2019wind,
  title={Wind Energy Instrumentation Atlas},
  author={Lundquist, Julie and Clifton, Andrew J and Dana, Scott and Herges, Tommy and Huskey, Arlinda and Moriarty, Patrick J and Van Dam, Jeroen J},
  number = {NREL/TP-5000-68986},
  year={2019},
  institution={National Renewable Energy Lab. (NREL), Golden, CO (United States)}
}

@inproceedings{machefaux2015engineering,
  title={Engineering models for merging wakes in wind farm optimization applications},
  author={Machefaux, Ewan and Larsen, Gunner Chr and Leon, JP Murcia},
  booktitle={Journal of Physics: Conference Series},
  volume={625},
  number={1},
  pages={012037},
  year={2015},
  organization={IOP Publishing}
}


@article{machefaux2016investigation,
  title={Investigation of wake interaction using full-scale lidar measurements and large eddy simulation},
  author={Machefaux, Ewan and Larsen, Gunner Chr and Troldborg, Niels and Hansen, Kurt S and Angelou, Nikolas and Mikkelsen, Torben and Mann, Jakob},
  journal={Wind Energy},
  volume={19},
  number={8},
  pages={1535--1551},
  year={2016},
  publisher={Wiley Online Library}
}


@techreport{maniaci2016overview,
  title={Overview of the V\&V Framework},
  author={Maniaci, David Charles},
  number={SAND2016-2862PE},
  year={2016},
  institution={Sandia National Laboratories. Albuquerque, NM (United States)}
}

@techreport{maniaci2019integrated,
  title={V\&V Integrated Program Planning for Wind Plant Performance},
  author={Maniaci, David Charles and Naughton, Jonathan},
  number={SAND2019-6888},
  year={2019},
  institution={Sandia National Laboratories. Albuquerque, NM (United States)}
}

@techreport{maniaci2020hfm,
  title={Wind Energy High Fidelity Model Verification and Validation Plan},
  author={Maniaci, David Charles and Moriarty, Patrick J. and Barone, Matthew F. and Churchfield, Matthew J. and Sprague, Michael A. and Arunajatesan, Srininvasan},
  number={SAND2020-1332},
  year={2020},
  institution={Sandia National Laboratories. Albuquerque, NM (United States)}
}

@article{mann2017complex,
  title={Complex terrain experiments in the New European Wind Atlas},
  author={Mann, Jakob and Angelou, Nikolas and Arnqvist, Johan and Callies, Doron and Cantero, E and Arroyo, R Ch{\'a}vez and Courtney, Michael and Cuxart, J and Dellwik, Ebba and Gottschall, Julia and others},
  journal={Philosophical Transactions of the Royal Society A: Mathematical, Physical and Engineering Sciences},
  volume={375},
  number={2091},
  pages={20160101},
  year={2017},
  publisher={The Royal Society Publishing}
}

@article{menke2018does,
  title={Does the wind turbine wake follow the topography? A multi-lidar study in complex terrain},
  author={Menke, Robert and Vasiljevi{\'c}, Nikola and Hansen, Kurt Schaldemose and Hahmann, Andrea N and Mann, Jakob},
  journal={Wind Energy Science},
  volume={3},
  number={2},
  pages={681--691},
  year={2018},
  publisher={Copernicus GmbH}
}


@inproceedings{moriarty2014iea,
  title={IEA-task 31 wakebench: Towards a protocol for wind farm flow model evaluation. Part 2: Wind farm wake models},
  author={Moriarty, Patrick and Rodrigo, Javier Sanz and Gancarski, Pawel and Chuchfield, Matthew and Naughton, Jonathan W and Hansen, Kurt S and Machefaux, Ewan and Maguire, Eoghan and Castellani, Francesco and Terzi, Ludovico and  Breton, Simon-Philippe and  Ueda, Yuko},
  booktitle={Journal of Physics: Conference Series},
  volume={524},
  number={1},
  pages={012185},
  year={2014},
  organization={IOP Publishing}
}


@article{munoz2017coupled,
  title={Coupled mesoscale-LES modeling of a diurnal cycle during the CWEX-13 field campaign: From weather to boundary-layer eddies},
  author={Mu{\~n}oz-Esparza, Domingo and Lundquist, Julie K and Sauer, Jeremy A and Kosovi{\'c}, Branko and Linn, Rodman R},
  journal={Journal of Advances in Modeling Earth Systems},
  volume={9},
  number={3},
  pages={1572--1594},
  year={2017},
  publisher={Wiley Online Library}
}

@Article{murphy2019shear,
AUTHOR = {Murphy, P. and Lundquist, J. K. and Fleming, P.},
TITLE = {How wind speed shear and directional veer affect the power production of a megawatt-scale operational wind turbine},
JOURNAL = {Wind Energy Science Discussions},
VOLUME = {2019},
YEAR = {2019},
PAGES = {1--46},
DOI = {10.5194/wes-2019-86}
}

@article{newsom2017validating,
  title={Validating precision estimates in horizontal wind measurements from a Doppler lidar},
  author={Newsom, Rob K and Brewer, W Alan and Wilczak, James M and Wolfe, Daniel E and Oncley, Steven P and Lundquist, Julie K},
  journal={Atmospheric Measurement Techniques},
  volume={10},
  number={3},
  pages={1229},
  year={2017},
  publisher={Copernicus GmbH}
}

@inproceedings{nygaard2014wakes,
  title={Wakes in very large wind farms and the effect of neighbouring wind farms},
  author={Nygaard, Nicolai Gayle},
  booktitle={Journal of Physics: Conference Series},
  volume={524},
  number={1},
  pages={012162},
  year={2014},
  organization={IOP Publishing}
}

@inproceedings{nygaard2016wake,
  title={Wake effects between two neighbouring wind farms},
  author={Nygaard, Nicolai Gayle and Hansen, Sidse Damgaard},
  booktitle={Journal of Physics: Conference Series},
  volume={753},
  number={3},
  pages={032020},
  year={2016},
  organization={IOP Publishing}
}


@inproceedings{nygaard2018wake,
  title={Wake behind an offshore wind farm observed with dual-Doppler radars},
  author={Nygaard, Nicolai Gayle and Newcombe, Alexander Christian},
  booktitle={Journal of Physics: Conference Series},
  volume={1037},
  number={7},
  pages={072008},
  year={2018},
  organization={IOP Publishing}
}


@article{orstedannouncement2019,
    author={{\O}rsted },
    title={{\O}rsted presents update on its long-term financial targets}, 
    url={https://orsted.com/en/Company-Announcement-List/2019/10/1937002}, 
    journal={{\O}rsted Company Announcement List}, 
    year={2019}, 
    month={Oct}
}

@Article{pena2019,
AUTHOR = {Pe\~na, Alfredo and Mann, Jakob},
TITLE = {Turbulence Measurements with Dual-Doppler Scanning Lidars},
JOURNAL = {Remote Sensing},
VOLUME = {11},
YEAR = {2019},
NUMBER = {20},
ARTICLE-NUMBER = {2444},
ISSN = {2072-4292},
DOI = {10.3390/rs11202444}
}


@article{pichugina2012,
author = {Pichugina, Yelena L. and Banta, Robert M. and Brewer, W. Alan and Sandberg, Scott P. and Hardesty, R. Michael},
title = {Doppler Lidar-Based Wind-Profile Measurement System for Offshore Wind-Energy and Other Marine Boundary Layer Applications},
journal = {Journal of Applied Meteorology and Climatology},
volume = {51},
number = {2},
pages = {327-349},
year = {2012},
doi = {10.1175/JAMC-D-11-040.1},

}

@article{pierella2014experimental,
  title={Experimental investigation of wind turbine wakes and their interaction},
  author={Pierella, Fabio},
  year={2014},
  publisher={NTNU}
}


@article{platis2018,
	Author = {Platis, Andreas and Siedersleben, Simon K. and Bange, Jens and Lampert, Astrid and B{\"a}rfuss, Konrad and Hankers, Rudolf and Ca{\~n}adillas, Beatriz and Foreman, Richard and Schulz-Stellenfleth, Johannes and Djath, Bughsin and Neumann, Thomas and Emeis, Stefan},
	Journal = {Scientific Reports},
	Number = {1},
	Pages = {2163},
	Title = {First in situ evidence of wakes in the far field behind offshore wind farms},
	Volume = {8},
	Year = {2018},
	doi= {10.1038/s41598-018-20389-y}
	}



@article{rados2001comparison,
  title={Comparison of wake models with data for offshore windfarms},
  author={Rados, Konstantinos and Larsen, G. and Barthelmie, R. and Schlez, W. and Lange, B. and Schepers, G. and Hegberg, T. and Magnisson, M.},
  journal={Wind Engineering},
  volume={25},
  number={5},
  pages={271--280},
  year={2001},
  publisher={SAGE Publications Sage UK: London, England}
}


@misc{rajewski2013crop,
  title={Crop Wind Energy Experiment (CWEX): observations of surface-layer, boundary layer, and mesoscale interactions with a wind farm, B. Am. Meteorol. Soc., 94, 655--672},
  author={Rajewski, DA and Takle, ES and Lundquist, JK and Oncley, S and Prueger, JH and Horst, TW and Rhodes, ME and Pfeiffer, R and Hatfield, JL and Spoth, KK and others},
  year={2013},
  publisher={BAMS-D-11-00240.1}
}

@article{rajewski2014changes,
  title={Changes in fluxes of heat, H2O, and CO2 caused by a large wind farm},
  author={Rajewski, Daniel A and Takle, Eugene S and Lundquist, Julie K and Prueger, John H and Pfeiffer, Richard L and Hatfield, Jerry L and Spoth, Kristopher K and Doorenbos, Russell K},
  journal={Agricultural and forest meteorology},
  volume={194},
  pages={175--187},
  year={2014},
  publisher={Elsevier}
}


@article{reuder2012first,
  title={First results of turbulence measurements in a wind park with the Small Unmanned Meteorological Observer SUMO},
  author={Reuder, Joachim and Jonassen, Marius O},
  journal={Energy Procedia},
  volume={24},
  pages={176--185},
  year={2012},
  publisher={Elsevier}
}

@article{rhodes2013effect,
  title={The effect of wind-turbine wakes on summertime US midwest atmospheric wind profiles as observed with ground-based doppler lidar},
  author={Rhodes, Michael E and Lundquist, Julie K},
  journal={Boundary-layer meteorology},
  volume={149},
  number={1},
  pages={85--103},
  year={2013},
  publisher={Springer}
}

@article{sanz2017mesoscale,
  title={Mesoscale to microscale wind farm flow modeling and evaluation},
  author={Sanz Rodrigo, Javier and Chavez Arroyo, Roberto Aurelio and Moriarty, Patrick and Churchfield, Matthew and Kosovi{\'c}, Branko and R{\'e}thor{\'e}, Pierre-Elouan and Hansen, Kurt Schaldemose and Hahmann, Andrea and Mirocha, Jeffrey D and Rife, Daran},
  journal={Wiley Interdisciplinary Reviews: Energy and Environment},
  volume={6},
  number={2},
  pages={e214},
  year={2017},
  publisher={Wiley Online Library}
}

@article{schroeder2005west,
  title={The West Texas mesonet: a technical overview},
  author={Schroeder, John L and Burgett, WS and Haynie, KB and Sonmez, I and Skwira, GD and Doggett, AL and Lipe, JW},
  journal={Journal of Atmospheric and Oceanic Technology},
  volume={22},
  number={2},
  pages={211--222},
  year={2005}
}

@article{shaw2019second,
  title={The Second Wind Forecast Improvement Project (WFIP2): General Overview},
  author={Shaw, William J and Berg, Larry K and Cline, Joel and Draxl, Caroline and Djalalova, Irina and Grimit, Eric P and Lundquist, Julie K and Marquis, Melinda and McCaa, Jim and Olson, Joseph B and others},
  journal={Bulletin of the American Meteorological Society},
  volume={100},
  number={9},
  pages={1687--1699},
  year={2019}
}


@article{simley2016,
author = {Simley,Eric  and Angelou, Nikolas  and Mikkelsen, Torben  and Sj\"oholm, Mikael  and Mann, Jakob  and Pao, Lucy Y. },
title = {Characterization of wind velocities in the upstream induction zone of a wind turbine using scanning continuous-wave lidars},
journal = {Journal of Renewable and Sustainable Energy},
volume = {8},
number = {1},
pages = {013301},
year = {2016},
doi = {10.1063/1.4940025},
}

@article{sisterson2016arm,
  title={The ARM southern great plains (SGP) site},
  author={Sisterson, DL and Peppler, RA and Cress, TS and Lamb, PJ and Turner, DD},
  journal={Meteorological Monographs},
  volume={57},
  pages={6--1},
  year={2016}
}


@techreport{sivaraman2014data,
  title={Data Archive and Portal Thrust Area Strategy Report},
  author={Sivaraman, Chitra and Stephan, Eric G and Macduff, Matt C and Hagler, Clay D},
  number={PNNL-23718},
  year={2014},
  institution={Pacific Northwest National Laboratory. (PNNL), Richland, WA (United States)}
}

@article{smalikho2013lidar,
  title={Lidar investigation of atmosphere effect on a wind turbine wake},
  author={Smalikho, IN and Banakh, VA and Pichugina, YL and Brewer, WA and Banta, RM and Lundquist, JK and Kelley, ND},
  journal={Journal of Atmospheric and Oceanic Technology},
  volume={30},
  number={11},
  pages={2554--2570},
  year={2013}
}

@article{stawiarski2013,
author = {Stawiarski, Christina and Tr\"umner, Katja and Knigge, Christoph and Calhoun, Ronald},
title = {Scopes and Challenges of Dual-Doppler Lidar Wind Measurements-An Error Analysis},
journal = {Journal of Atmospheric and Oceanic Technology},
volume = {30},
number = {9},
pages = {2044-2062},
year = {2013},
doi = {10.1175/JTECH-D-12-00244.1},
}

@article{tucker2018,
author = {Tucker, Sara C. and Weimer, Carl S. and Baidar, Sunil and Hardesty, R. Michael},
title = {The Optical Autocovariance Wind Lidar. Part I: OAWL Instrument Development and Demonstration},
journal = {Journal of Atmospheric and Oceanic Technology},
volume = {35},
number = {10},
pages = {2079-2097},
year = {2018},
doi = {10.1175/JTECH-D-18-0024.1},

}

@article{trujillo2011light,
  title={Light detection and ranging measurements of wake dynamics. Part II: two-dimensional scanning},
  author={Trujillo, Juan-Jos{\'e} and Bing{\"o}l, Ferhat and Larsen, Gunner C and Mann, Jakob and K{\"u}hn, Martin},
  journal={Wind Energy},
  volume={14},
  number={1},
  pages={61--75},
  year={2011},
  publisher={Wiley Online Library}
}


@Article{trujillo2016nearwake,
AUTHOR = {Trujillo, J. J. and Seifert, J. K. and W\"urth, I. and Schlipf, D. and K\"uhn, M.},
TITLE = {Full-field assessment of wind turbine near-wake deviation in relation to yaw misalignment},
JOURNAL = {Wind Energy Science},
VOLUME = {1},
YEAR = {2016},
NUMBER = {1},
PAGES = {41--53},
URL = {https://www.wind-energ-sci.net/1/41/2016/},
DOI = {10.5194/wes-1-41-2016}
}

@article{veers2019grand,
  title={Grand challenges in the science of wind energy},
  author = {Veers, Paul and Dykes, Katherine and Lantz, Eric and Barth, Stephan and Bottasso, Carlo L. and Carlson, Ola and Clifton, Andrew and Green, Johney and Green, Peter and Holttinen, Hannele and Laird, Daniel and Lehtom{\"a}ki, Ville and Lundquist, Julie K. and Manwell, James and Marquis, Melinda and Meneveau, Charles and Moriarty, Patrick and Munduate, Xabier and Muskulus, Michael and Naughton, Jonathan and Pao, Lucy and Paquette, Joshua and Peinke, Joachim and Robertson, Amy and Sanz Rodrigo, Javier and Sempreviva, Anna Maria and Smith, J. Charles and Tuohy, Aidan and Wiser, Ryan},
  journal={Science},
  volume={366},
  number={6464},
  doi = {10.1126/science.aau2027},
  year={2019},
  publisher={American Association for the Advancement of Science}
}

@inproceedings{vollmer2015first,
  title={First comparison of LES of an offshore wind turbine wake with dual-Doppler lidar measurements in a German offshore wind farm},
  author={Vollmer, L. and van Dooren, M. and Trabucchi, D. and Schneemann, J. and Steinfeld, G. and Witha, B. and Trujillo, J. and K{\"u}hn, M.},
  booktitle={Journal of Physics: Conference Series},
  volume={625},
  number={1},
  pages={012001},
  year={2015},
  organization={IOP Publishing}
}

@article{wildmann2014masc,
  title={MASC-a small remotely piloted aircraft (RPA) for wind energy research},
  author={Wildmann, N. and Hofs{\"a}{\ss}, M. and Weimer, F. and Joos, A. and Bange, J.},
  journal={Advances in Science and Research},
  volume={11},
  pages={55},
  year={2014},
  publisher={Citeseer}
}

@inproceedings{wildmann2018coplanar,
  title={Coplanar lidar measurement of a single wind energy converter wake in distinct atmospheric stability regimes at the Perdig{\~a}o 2017 experiment},
  author={Wildmann, Norman and Kigle, Stephan and Gerz, Thomas},
  booktitle={Journal of Physics: Conference Series},
  volume={1037},
  number={5},
  pages={052006},
  year={2018},
  organization={IOP Publishing}
}

@article{wildmann2018wind,
  title={Wind turbine wake measurements with automatically adjusting scanning trajectories in a multi-Doppler lidar setup},
  author={Wildmann, Norman and Vasiljevic, Nicola and Gerz, Thomas},
  journal={Atmospheric Measurement Techniques Discussions (AMTD)},
  volume={2018},
  pages={1--20},
  year={2018},
  publisher={Copernicus Publications}
}

@article{wilczak2015wind,
  title={The Wind Forecast Improvement Project (WFIP): A public--private partnership addressing wind energy forecast needs},
  author={Wilczak, James and Finley, Cathy and Freedman, Jeff and Cline, Joel and Bianco, Laura and Olson, Joseph and Djalalova, Irina and Sheridan, Lindsay and Ahlstrom, Mark and Manobianco, John and others},
  journal={Bulletin of the American Meteorological Society},
  volume={96},
  number={10},
  pages={1699--1718},
  year={2015}
}

@article{wilczak2019second,
  title={The Second Wind Forecast Improvement Project (WFIP2): Observational Field Campaign},
  author={Wilczak, James M and Stoelinga, Mark and Berg, Larry K and Sharp, Justin and Draxl, Caroline and McCaffrey, Katherine and Banta, Robert M and Bianco, Laura and Djalalova, Irina and Lundquist, Julie K and others},
  journal={Bulletin of the American Meteorological Society},
  number={2019},
  year={2019}
}

@article{wilkinson2016fair,
  title={The FAIR Guiding Principles for scientific data management and stewardship},
  author={Wilkinson, Mark D and Dumontier, Michel and Aalbersberg, IJsbrand Jan and Appleton, Gabrielle and Axton, Myles and Baak, Arie and Blomberg, Niklas and Boiten, Jan-Willem and da Silva Santos, Luiz Bonino and Bourne, Philip E and others},
  journal={Scientific data},
  volume={3},
  year={2016},
  publisher={Nature Publishing Group}
}

@article{zhang2013wind,
  title={Wind-turbine wakes in a convective boundary layer: A wind-tunnel study},
  author={Zhang, Wei and Markfort, Corey D and Port{\'e}-Agel, Fernando},
  journal={Boundary-layer meteorology},
  volume={146},
  number={2},
  pages={161--179},
  year={2013},
  publisher={Springer}
}

@article{jcs2020_feil,
  title   = {A Cross-Sectional Aeroelastic Analysis and Structural Optimization Tool for Slender Composite Structures},
  author  = {Feil, R},
  journal = {Journal of Composite Structures},
  year    = {2020},
  number  = {1},
  pages   = {1--2},
  volume  = {1},
}
 

